[gd_scene load_steps=67 format=2]

[ext_resource path="res://Characters/Character0/Attacks/ANeutral/stand_A.png" type="Texture" id=1]
[ext_resource path="res://Characters/TradActor.gd" type="Script" id=2]
[ext_resource path="res://Characters/Character0/StateMachine/StateMachine.gd" type="Script" id=3]
[ext_resource path="res://Characters/Character0/StateMachine/States/Idle.gd" type="Script" id=4]
[ext_resource path="res://Characters/Character0/StateMachine/States/Air.gd" type="Script" id=5]
[ext_resource path="res://Characters/Character0/StateMachine/States/Move.gd" type="Script" id=6]
[ext_resource path="res://Characters/Character0/StateMachine/States/Jumpstart.gd" type="Script" id=7]
[ext_resource path="res://Characters/Character0/StateMachine/States/Crouch.gd" type="Script" id=8]
[ext_resource path="res://Characters/Character0/StateMachine/States/MotionInput.gd" type="Script" id=9]
[ext_resource path="res://Characters/Character0/StateMachine/States/Block.gd" type="Script" id=10]
[ext_resource path="res://Characters/Character0/StateMachine/States/Flinch.gd" type="Script" id=11]
[ext_resource path="res://Characters/Character0/StateMachine/States/Grabbed.gd" type="Script" id=12]
[ext_resource path="res://Characters/Character0/StateMachine/States/Dash.gd" type="Script" id=13]
[ext_resource path="res://Characters/Character0/StateMachine/States/AirFlinch.gd" type="Script" id=14]
[ext_resource path="res://Characters/Character0/StateMachine/States/Grab.gd" type="Script" id=15]
[ext_resource path="res://Characters/Add_States_Tool.gd" type="Script" id=16]
[ext_resource path="res://Characters/Character0/StateMachine/States/HHCF.gd" type="Script" id=17]
[ext_resource path="res://Characters/Character0/StateMachine/States/JMPunch.gd" type="Script" id=18]
[ext_resource path="res://Characters/Character0/StateMachine/States/JLKick.gd" type="Script" id=19]
[ext_resource path="res://Characters/Character0/Attacks/BNeutral/stand_B.png" type="Texture" id=20]
[ext_resource path="res://Characters/Character0/StateMachine/States/JHPunch.gd" type="Script" id=21]
[ext_resource path="res://Characters/Character0/StateMachine/States/HQCF.gd" type="Script" id=22]
[ext_resource path="res://Characters/Character0/StateMachine/States/CLKick.gd" type="Script" id=23]
[ext_resource path="res://Characters/Character0/StateMachine/States/CMKick.gd" type="Script" id=24]
[ext_resource path="res://Characters/Character0/StateMachine/States/SLKick.gd" type="Script" id=25]
[ext_resource path="res://Characters/Character0/StateMachine/States/CHPunch.gd" type="Script" id=26]
[ext_resource path="res://Characters/Character0/StateMachine/States/CHKick.gd" type="Script" id=27]
[ext_resource path="res://Characters/Character0/StateMachine/States/JMKick.gd" type="Script" id=28]
[ext_resource path="res://Characters/Character0/StateMachine/States/JHKick.gd" type="Script" id=29]
[ext_resource path="res://Characters/Character0/StateMachine/States/LQCF.gd" type="Script" id=30]
[ext_resource path="res://Characters/Character0/StateMachine/States/SHPunch.gd" type="Script" id=31]
[ext_resource path="res://Characters/Character0/StateMachine/States/SMKick.gd" type="Script" id=32]
[ext_resource path="res://Characters/Character0/StateMachine/States/SHKick.gd" type="Script" id=33]
[ext_resource path="res://Characters/Character0/StateMachine/States/MQCF.gd" type="Script" id=34]
[ext_resource path="res://Characters/Character0/StateMachine/States/MQCB.gd" type="Script" id=35]
[ext_resource path="res://Characters/Character0/StateMachine/States/LHCF.gd" type="Script" id=36]
[ext_resource path="res://Characters/Character0/StateMachine/States/HQCB.gd" type="Script" id=37]
[ext_resource path="res://Characters/Character0/StateMachine/States/LQCB.gd" type="Script" id=38]
[ext_resource path="res://Characters/Character0/StateMachine/States/MDP.gd" type="Script" id=39]
[ext_resource path="res://Characters/Character0/StateMachine/States/Knockdown.gd" type="Script" id=40]
[ext_resource path="res://Characters/Character0/StateMachine/States/MHCF.gd" type="Script" id=41]
[ext_resource path="res://Characters/Character0/StateMachine/States/HDP.gd" type="Script" id=42]
[ext_resource path="res://Characters/Character0/StateMachine/States/Launch.gd" type="Script" id=43]
[ext_resource path="res://Characters/Character0/StateMachine/States/CMPunch.gd" type="Script" id=44]
[ext_resource path="res://Characters/Character0/StateMachine/States/JLPunch.gd" type="Script" id=45]
[ext_resource path="res://Characters/Character0/StateMachine/States/SMPunch.gd" type="Script" id=46]
[ext_resource path="res://Characters/Character0/StateMachine/States/SLPunch.gd" type="Script" id=47]
[ext_resource path="res://Characters/Character0/StateMachine/States/CLPunch.gd" type="Script" id=48]
[ext_resource path="res://Characters/Character0/StateMachine/States/LDP.gd" type="Script" id=49]
[ext_resource path="res://Characters/Character0/Sprites/idle_02.png" type="Texture" id=50]
[ext_resource path="res://Characters/Character0/StateMachine/States/Airdash.gd" type="Script" id=51]
[ext_resource path="res://Characters/Character0/Sprites/jab_01.png" type="Texture" id=52]
[ext_resource path="res://User Profile/Character Resources/resDefault.tres" type="Resource" id=53]

[sub_resource type="RectangleShape2D" id=4]
extents = Vector2( 25, 72.75 )

[sub_resource type="Animation" id=10]
resource_name = "Grab"
length = 0.333333
step = 0.0166667
tracks/0/type = "method"
tracks/0/path = NodePath("StateMachine")
tracks/0/interp = 1
tracks/0/loop_wrap = true
tracks/0/imported = false
tracks/0/enabled = true
tracks/0/keys = {
"times": PoolRealArray( 0.333333 ),
"transitions": PoolRealArray( 1 ),
"values": [ {
"args": [ "Idle" ],
"method": "change"
} ]
}

[sub_resource type="Animation" id=14]
resource_name = "Hitpause"
length = 0.0833333
step = 0.0166667

[sub_resource type="Animation" id=5]
resource_name = "Idle"
length = 0.166667
step = 0.0166667
tracks/0/type = "value"
tracks/0/path = NodePath("SpritePos/Sprite:frame")
tracks/0/interp = 1
tracks/0/loop_wrap = true
tracks/0/imported = false
tracks/0/enabled = true
tracks/0/keys = {
"times": PoolRealArray( 0 ),
"transitions": PoolRealArray( 1 ),
"update": 1,
"values": [ 0 ]
}
tracks/1/type = "value"
tracks/1/path = NodePath("SpritePos/Sprite:texture")
tracks/1/interp = 1
tracks/1/loop_wrap = true
tracks/1/imported = false
tracks/1/enabled = true
tracks/1/keys = {
"times": PoolRealArray( 0 ),
"transitions": PoolRealArray( 1 ),
"update": 1,
"values": [ ExtResource( 50 ) ]
}
tracks/2/type = "value"
tracks/2/path = NodePath("SpritePos/Sprite:hframes")
tracks/2/interp = 1
tracks/2/loop_wrap = true
tracks/2/imported = false
tracks/2/enabled = true
tracks/2/keys = {
"times": PoolRealArray( 0 ),
"transitions": PoolRealArray( 1 ),
"update": 1,
"values": [ 1 ]
}
tracks/3/type = "value"
tracks/3/path = NodePath("SpritePos/Sprite:position")
tracks/3/interp = 1
tracks/3/loop_wrap = true
tracks/3/imported = false
tracks/3/enabled = true
tracks/3/keys = {
"times": PoolRealArray( 0 ),
"transitions": PoolRealArray( 1 ),
"update": 0,
"values": [ Vector2( -88, -173 ) ]
}

[sub_resource type="Animation" id=15]
resource_name = "LQCF"
length = 0.583333
step = 0.0166667
tracks/0/type = "value"
tracks/0/path = NodePath("SpritePos/Sprite:texture")
tracks/0/interp = 1
tracks/0/loop_wrap = true
tracks/0/imported = false
tracks/0/enabled = true
tracks/0/keys = {
"times": PoolRealArray(  ),
"transitions": PoolRealArray(  ),
"update": 1,
"values": [  ]
}
tracks/1/type = "value"
tracks/1/path = NodePath("SpritePos/Sprite:hframes")
tracks/1/interp = 1
tracks/1/loop_wrap = true
tracks/1/imported = false
tracks/1/enabled = true
tracks/1/keys = {
"times": PoolRealArray(  ),
"transitions": PoolRealArray(  ),
"update": 1,
"values": [  ]
}
tracks/2/type = "value"
tracks/2/path = NodePath("SpritePos/Sprite:frame")
tracks/2/interp = 1
tracks/2/loop_wrap = true
tracks/2/imported = false
tracks/2/enabled = true
tracks/2/keys = {
"times": PoolRealArray(  ),
"transitions": PoolRealArray(  ),
"update": 1,
"values": [  ]
}
tracks/3/type = "method"
tracks/3/path = NodePath(".")
tracks/3/interp = 1
tracks/3/loop_wrap = true
tracks/3/imported = false
tracks/3/enabled = true
tracks/3/keys = {
"times": PoolRealArray( 0.166667 ),
"transitions": PoolRealArray( 1 ),
"values": [ {
"args": [ "MQCF", 0 ],
"method": "spawn_hitbox"
} ]
}
tracks/4/type = "method"
tracks/4/path = NodePath("StateMachine")
tracks/4/interp = 1
tracks/4/loop_wrap = true
tracks/4/imported = false
tracks/4/enabled = true
tracks/4/keys = {
"times": PoolRealArray( 0.583333 ),
"transitions": PoolRealArray( 1 ),
"values": [ {
"args": [ "Idle" ],
"method": "change"
} ]
}

[sub_resource type="Animation" id=6]
length = 0.001
tracks/0/type = "value"
tracks/0/path = NodePath("SpritePos/Sprite:frame")
tracks/0/interp = 1
tracks/0/loop_wrap = true
tracks/0/imported = false
tracks/0/enabled = true
tracks/0/keys = {
"times": PoolRealArray( 0 ),
"transitions": PoolRealArray( 1 ),
"update": 0,
"values": [ 0 ]
}
tracks/1/type = "value"
tracks/1/path = NodePath("SpritePos/Sprite:texture")
tracks/1/interp = 1
tracks/1/loop_wrap = true
tracks/1/imported = false
tracks/1/enabled = true
tracks/1/keys = {
"times": PoolRealArray( 0 ),
"transitions": PoolRealArray( 1 ),
"update": 0,
"values": [ ExtResource( 1 ) ]
}
tracks/2/type = "value"
tracks/2/path = NodePath("SpritePos/Sprite:position")
tracks/2/interp = 1
tracks/2/loop_wrap = true
tracks/2/imported = false
tracks/2/enabled = true
tracks/2/keys = {
"times": PoolRealArray( 0 ),
"transitions": PoolRealArray( 1 ),
"update": 0,
"values": [ Vector2( -53, -152 ) ]
}

[sub_resource type="Animation" id=12]
resource_name = "SHKick"
length = 0.5
step = 0.0166667
tracks/0/type = "method"
tracks/0/path = NodePath("StateMachine")
tracks/0/interp = 1
tracks/0/loop_wrap = true
tracks/0/imported = false
tracks/0/enabled = true
tracks/0/keys = {
"times": PoolRealArray( 0.5 ),
"transitions": PoolRealArray( 1 ),
"values": [ {
"args": [ "Idle" ],
"method": "change"
} ]
}

[sub_resource type="Animation" id=9]
resource_name = "SHPunch"
length = 0.666667
step = 0.0166667
tracks/0/type = "value"
tracks/0/path = NodePath("SpritePos/Sprite:frame")
tracks/0/interp = 2
tracks/0/loop_wrap = true
tracks/0/imported = false
tracks/0/enabled = true
tracks/0/keys = {
"times": PoolRealArray( 0, 0.216667, 0.366667, 0.433333 ),
"transitions": PoolRealArray( 1, 1, 1, 1 ),
"update": 1,
"values": [ 1, 2, 3, 1 ]
}
tracks/1/type = "method"
tracks/1/path = NodePath("StateMachine")
tracks/1/interp = 1
tracks/1/loop_wrap = true
tracks/1/imported = false
tracks/1/enabled = true
tracks/1/keys = {
"times": PoolRealArray( 0.5 ),
"transitions": PoolRealArray( 1 ),
"values": [ {
"args": [ "Idle" ],
"method": "change"
} ]
}
tracks/2/type = "value"
tracks/2/path = NodePath("SpritePos/Sprite:texture")
tracks/2/interp = 1
tracks/2/loop_wrap = true
tracks/2/imported = false
tracks/2/enabled = true
tracks/2/keys = {
"times": PoolRealArray( 0 ),
"transitions": PoolRealArray( 1 ),
"update": 1,
"values": [ ExtResource( 20 ) ]
}

[sub_resource type="Animation" id=11]
resource_name = "SLKick"
length = 0.333333
step = 0.0166667
tracks/0/type = "method"
tracks/0/path = NodePath("StateMachine")
tracks/0/interp = 1
tracks/0/loop_wrap = true
tracks/0/imported = false
tracks/0/enabled = true
tracks/0/keys = {
"times": PoolRealArray( 0.333333 ),
"transitions": PoolRealArray( 1 ),
"values": [ {
"args": [ "Idle" ],
"method": "change"
} ]
}

[sub_resource type="Animation" id=7]
resource_name = "SLPunch"
length = 0.183334
step = 0.0166667
tracks/0/type = "value"
tracks/0/path = NodePath("SpritePos/Sprite:frame")
tracks/0/interp = 2
tracks/0/loop_wrap = true
tracks/0/imported = false
tracks/0/enabled = true
tracks/0/keys = {
"times": PoolRealArray(  ),
"transitions": PoolRealArray(  ),
"update": 1,
"values": [  ]
}
tracks/1/type = "method"
tracks/1/path = NodePath("StateMachine")
tracks/1/interp = 1
tracks/1/loop_wrap = true
tracks/1/imported = false
tracks/1/enabled = true
tracks/1/keys = {
"times": PoolRealArray( 0.183333 ),
"transitions": PoolRealArray( 1 ),
"values": [ {
"args": [ "Idle" ],
"method": "change"
} ]
}
tracks/2/type = "method"
tracks/2/path = NodePath(".")
tracks/2/interp = 1
tracks/2/loop_wrap = true
tracks/2/imported = false
tracks/2/enabled = true
tracks/2/keys = {
"times": PoolRealArray( 0.0333333 ),
"transitions": PoolRealArray( 1 ),
"values": [ {
"args": [ "StandLightPunch", 0 ],
"method": "spawn_hitbox"
} ]
}
tracks/3/type = "value"
tracks/3/path = NodePath("SpritePos/Sprite:texture")
tracks/3/interp = 1
tracks/3/loop_wrap = true
tracks/3/imported = false
tracks/3/enabled = true
tracks/3/keys = {
"times": PoolRealArray( 0.0333333, 0.116667 ),
"transitions": PoolRealArray( 1, 1 ),
"update": 1,
"values": [ ExtResource( 52 ), ExtResource( 50 ) ]
}

[sub_resource type="Animation" id=13]
resource_name = "SMKick"
length = 0.416667
step = 0.0166667
tracks/0/type = "method"
tracks/0/path = NodePath("StateMachine")
tracks/0/interp = 1
tracks/0/loop_wrap = true
tracks/0/imported = false
tracks/0/enabled = true
tracks/0/keys = {
"times": PoolRealArray( 0.416667 ),
"transitions": PoolRealArray( 1 ),
"values": [ {
"args": [ "Idle" ],
"method": "change"
} ]
}

[sub_resource type="Animation" id=8]
resource_name = "SMPunch"
length = 0.333334
step = 0.0166667
tracks/0/type = "method"
tracks/0/path = NodePath("StateMachine")
tracks/0/interp = 1
tracks/0/loop_wrap = true
tracks/0/imported = false
tracks/0/enabled = true
tracks/0/keys = {
"times": PoolRealArray( 0.333333 ),
"transitions": PoolRealArray( 1 ),
"values": [ {
"args": [ "Idle" ],
"method": "change"
} ]
}
tracks/1/type = "value"
tracks/1/path = NodePath("SpritePos/Sprite:frame")
tracks/1/interp = 2
tracks/1/loop_wrap = true
tracks/1/imported = false
tracks/1/enabled = true
tracks/1/keys = {
"times": PoolRealArray( 0, 0.0833333, 0.15, 0.266667 ),
"transitions": PoolRealArray( 1, 1, 1, 1 ),
"update": 1,
"values": [ 1, 2, 3, 1 ]
}
tracks/2/type = "value"
tracks/2/path = NodePath("SpritePos/Sprite:texture")
tracks/2/interp = 1
tracks/2/loop_wrap = true
tracks/2/imported = false
tracks/2/enabled = true
tracks/2/keys = {
"times": PoolRealArray( 0 ),
"transitions": PoolRealArray( 1 ),
"update": 1,
"values": [ ExtResource( 20 ) ]
}
tracks/3/type = "method"
tracks/3/path = NodePath(".")
tracks/3/interp = 1
tracks/3/loop_wrap = true
tracks/3/imported = false
tracks/3/enabled = true
tracks/3/keys = {
"times": PoolRealArray( 0.0833333 ),
"transitions": PoolRealArray( 1 ),
"values": [ {
"args": [ "StandLightPunch", 0 ],
"method": "spawn_hitbox"
} ]
}

[sub_resource type="RectangleShape2D" id=3]
extents = Vector2( 51.6094, 72.5 )

[node name="TestPlayer" type="KinematicBody2D" groups=["Save"]]
collision/safe_margin = 0.1
script = ExtResource( 2 )
character_resource = ExtResource( 53 )
unique_name = "Default"

[node name="Label" type="Label" parent="."]
anchor_left = 0.5
anchor_top = 0.5
anchor_right = 0.5
anchor_bottom = 0.5
margin_left = -18.0
margin_top = -213.0
margin_right = 22.0
margin_bottom = -199.0

[node name="SpritePos" type="Position2D" parent="."]
position = Vector2( 0, -48 )

[node name="Sprite" type="Sprite" parent="SpritePos"]
unique_name_in_owner = true
position = Vector2( -88, -173 )
texture = ExtResource( 50 )
centered = false

[node name="ECB" type="CollisionShape2D" parent="."]
unique_name_in_owner = true
position = Vector2( 0, -72.75 )
shape = SubResource( 4 )

[node name="AnimationPlayer" type="AnimationPlayer" parent="."]
unique_name_in_owner = true
reset_on_save = false
playback_process_mode = 0
method_call_mode = 1
anims/Grab = SubResource( 10 )
anims/Hitpause = SubResource( 14 )
anims/Idle = SubResource( 5 )
anims/LQCF = SubResource( 15 )
anims/RESET = SubResource( 6 )
anims/SHKick = SubResource( 12 )
anims/SHPunch = SubResource( 9 )
anims/SLKick = SubResource( 11 )
anims/SLPunch = SubResource( 7 )
anims/SMKick = SubResource( 13 )
anims/SMPunch = SubResource( 8 )

[node name="StandPoint" type="Position2D" parent="."]
unique_name_in_owner = true

[node name="Pushbox" type="Area2D" parent="."]
unique_name_in_owner = true
position = Vector2( 0, -24 )
collision_layer = 4
collision_mask = 0
monitoring = false
monitorable = false

[node name="CollisionShape2D" type="CollisionShape2D" parent="Pushbox"]
position = Vector2( 0, -49 )
shape = SubResource( 3 )

[node name="RayCast2D" type="RayCast2D" parent="."]
unique_name_in_owner = true
position = Vector2( -52, -73 )
cast_to = Vector2( 104, 0 )
collision_mask = 2048
collide_with_areas = true
collide_with_bodies = false

[node name="Timers" type="Node" parent="."]

[node name="GrabTimer" type="Timer" parent="Timers"]
process_mode = 0
wait_time = 0.1
one_shot = true

[node name="HitpauseTimer" type="Timer" parent="Timers"]
process_mode = 0
one_shot = true

[node name="MotionInput" type="Node" parent="."]
unique_name_in_owner = true
script = ExtResource( 9 )

[node name="Timer" type="Timer" parent="MotionInput"]

[node name="Extra Scripts" type="Node" parent="."]

[node name="Add States Tool" type="Node" parent="Extra Scripts"]
script = ExtResource( 16 )

[node name="StateMachine" type="Node" parent="."]
unique_name_in_owner = true
script = ExtResource( 3 )
initial_state = NodePath("Air")

[node name="Idle" type="Node" parent="StateMachine"]
script = ExtResource( 4 )

[node name="Block" type="Node" parent="StateMachine"]
script = ExtResource( 10 )

[node name="Crouch" type="Node" parent="StateMachine"]
script = ExtResource( 8 )

[node name="Move" type="Node" parent="StateMachine"]
script = ExtResource( 6 )

[node name="Dash" type="Node" parent="StateMachine"]
script = ExtResource( 13 )

[node name="Jumpstart" type="Node" parent="StateMachine"]
script = ExtResource( 7 )

[node name="Air" type="Node" parent="StateMachine"]
script = ExtResource( 5 )

[node name="Airdash" type="Node" parent="StateMachine"]
script = ExtResource( 51 )

[node name="Grab" type="Node" parent="StateMachine"]
script = ExtResource( 15 )

[node name="Grabbed" type="Node" parent="StateMachine"]
script = ExtResource( 12 )

[node name="Flinch" type="Node" parent="StateMachine"]
script = ExtResource( 11 )

[node name="AirFlinch" type="Node" parent="StateMachine"]
script = ExtResource( 14 )

[node name="Launch" type="Node" parent="StateMachine"]
script = ExtResource( 43 )

[node name="Knockdown" type="Node" parent="StateMachine"]
script = ExtResource( 40 )

[node name="SLPunch" type="Node" parent="StateMachine"]
script = ExtResource( 47 )

[node name="CLPunch" type="Node" parent="StateMachine"]
script = ExtResource( 48 )

[node name="JLPunch" type="Node" parent="StateMachine"]
script = ExtResource( 45 )

[node name="SMPunch" type="Node" parent="StateMachine"]
script = ExtResource( 46 )

[node name="CMPunch" type="Node" parent="StateMachine"]
script = ExtResource( 44 )

[node name="JMPunch" type="Node" parent="StateMachine"]
script = ExtResource( 18 )

[node name="SHPunch" type="Node" parent="StateMachine"]
script = ExtResource( 31 )

[node name="CHPunch" type="Node" parent="StateMachine"]
script = ExtResource( 26 )

[node name="JHPunch" type="Node" parent="StateMachine"]
script = ExtResource( 21 )

[node name="SLKick" type="Node" parent="StateMachine"]
script = ExtResource( 25 )

[node name="CLKick" type="Node" parent="StateMachine"]
script = ExtResource( 23 )

[node name="JLKick" type="Node" parent="StateMachine"]
script = ExtResource( 19 )

[node name="SMKick" type="Node" parent="StateMachine"]
script = ExtResource( 32 )

[node name="CMKick" type="Node" parent="StateMachine"]
script = ExtResource( 24 )

[node name="JMKick" type="Node" parent="StateMachine"]
script = ExtResource( 28 )

[node name="SHKick" type="Node" parent="StateMachine"]
script = ExtResource( 33 )

[node name="CHKick" type="Node" parent="StateMachine"]
script = ExtResource( 27 )

[node name="JHKick" type="Node" parent="StateMachine"]
script = ExtResource( 29 )

[node name="LQCF" type="Node" parent="StateMachine"]
script = ExtResource( 30 )

[node name="MQCF" type="Node" parent="StateMachine"]
script = ExtResource( 34 )

[node name="HQCF" type="Node" parent="StateMachine"]
script = ExtResource( 22 )

[node name="LDP" type="Node" parent="StateMachine"]
script = ExtResource( 49 )

[node name="MDP" type="Node" parent="StateMachine"]
script = ExtResource( 39 )

[node name="HDP" type="Node" parent="StateMachine"]
script = ExtResource( 42 )

[node name="LQCB" type="Node" parent="StateMachine"]
script = ExtResource( 38 )

[node name="MQCB" type="Node" parent="StateMachine"]
script = ExtResource( 35 )

[node name="HQCB" type="Node" parent="StateMachine"]
script = ExtResource( 37 )

[node name="LHCF" type="Node" parent="StateMachine"]
script = ExtResource( 36 )

[node name="MHCF" type="Node" parent="StateMachine"]
script = ExtResource( 41 )

[node name="HHCF" type="Node" parent="StateMachine"]
script = ExtResource( 17 )

[connection signal="area_entered" from="Pushbox" to="." method="_on_Pushbox_area_entered"]
[connection signal="timeout" from="Timers/HitpauseTimer" to="." method="_on_HitpauseTimer_timeout"]
