[gd_scene load_steps=5 format=2]

[ext_resource path="res://icon.png" type="Texture" id=1]
[ext_resource path="res://Menus/Main/main_menu.png" type="Texture" id=2]
[ext_resource path="res://Menus/Customs.gd" type="Script" id=3]
[ext_resource path="res://Menus/TempChanges.gd" type="Script" id=4]

[node name="CustomMenu" type="Node2D"]
script = ExtResource( 3 )

[node name="TempChanges" type="Node" parent="."]
script = ExtResource( 4 )

[node name="MainMenu" type="Sprite" parent="."]
unique_name_in_owner = true
visible = false
self_modulate = Color( 0.921569, 0.921569, 0.921569, 1 )
position = Vector2( 304, 176 )
texture = ExtResource( 2 )

[node name="CharacterDisplay" type="Node2D" parent="."]
unique_name_in_owner = true
position = Vector2( -16, 0 )

[node name="TextureRect" type="TextureRect" parent="CharacterDisplay"]
margin_left = 408.0
margin_top = 128.0
margin_right = 584.0
margin_bottom = 304.0
texture = ExtResource( 1 )

[node name="Line2D" type="Line2D" parent="CharacterDisplay"]
position = Vector2( 10, -126 )
points = PoolVector2Array( 350, 214, 550, 214 )

[node name="Line2D2" type="Line2D" parent="CharacterDisplay"]
position = Vector2( -110, 10 )
points = PoolVector2Array( 470, 270, 470, 78 )

[node name="Line2D4" type="Line2D" parent="CharacterDisplay"]
position = Vector2( 88, 8 )
points = PoolVector2Array( 472, 272, 472, 80 )

[node name="Line2D3" type="Line2D" parent="CharacterDisplay"]
position = Vector2( 10, 66 )
points = PoolVector2Array( 350, 214, 550, 214 )

[node name="New" type="Button" parent="."]
margin_left = 136.0
margin_top = 104.0
margin_right = 256.0
margin_bottom = 128.0
text = "New Character"

[node name="Load" type="Button" parent="."]
margin_left = 136.0
margin_top = 144.0
margin_right = 256.0
margin_bottom = 168.0
text = "Load Existing"

[node name="Button3" type="Button" parent="."]
margin_left = 136.0
margin_top = 184.0
margin_right = 256.0
margin_bottom = 208.0

[node name="Button4" type="Button" parent="."]
margin_left = 136.0
margin_top = 224.0
margin_right = 256.0
margin_bottom = 248.0

[connection signal="pressed" from="New" to="." method="_on_New_pressed"]
[connection signal="pressed" from="Load" to="." method="_on_Load_pressed"]
