[gd_scene load_steps=4 format=2]

[ext_resource path="res://Menus/Main/main_menu.png" type="Texture" id=1]
[ext_resource path="res://Menus/Main/Main.gd" type="Script" id=2]
[ext_resource path="res://icon.png" type="Texture" id=3]

[node name="Main" type="Node2D"]
script = ExtResource( 2 )

[node name="MainMenu" type="Sprite" parent="."]
position = Vector2( 336, 184 )
texture = ExtResource( 1 )

[node name="Icon" type="Sprite" parent="."]
position = Vector2( 60, 48 )
texture = ExtResource( 3 )

[node name="ColorRect" type="ColorRect" parent="Icon"]
margin_left = 36.0
margin_top = -20.0
margin_right = 535.0
margin_bottom = 82.0

[node name="ColorRect2" type="ColorRect" parent="Icon"]
self_modulate = Color( 0.988235, 0.25098, 0.25098, 1 )
margin_left = 139.0
margin_top = 103.0
margin_right = 360.0
margin_bottom = 171.0

[node name="Label" type="Label" parent="Icon"]
self_modulate = Color( 0, 0, 0, 1 )
margin_left = 40.0
margin_top = -16.0
margin_right = 536.0
margin_bottom = 85.0
text = "hey! this is the godot robot. he will have useful tips for you on most screens.

this is the first EVER build. expect bugs.

Mouse over buttons and other items for hints and explanations!"
autowrap = true

[node name="Label2" type="Label" parent="Icon"]
self_modulate = Color( 0.164706, 0.0980392, 0.827451, 1 )
margin_left = 147.0
margin_top = 111.0
margin_right = 354.0
margin_bottom = 168.0
text = "PLEASE CONFIGURE GLOBAL SETTINGS BEFORE MAKING ANY CUSTOM CONTENT!!!"
autowrap = true

[node name="Buttons" type="Node2D" parent="."]
position = Vector2( 5, 54 )

[node name="Play" type="Button" parent="Buttons"]
margin_left = 112.0
margin_top = 198.0
margin_right = 204.0
margin_bottom = 226.0
text = "Play!"

[node name="Arcade" type="Button" parent="Buttons"]
margin_left = 112.0
margin_top = 238.0
margin_right = 205.0
margin_bottom = 266.0
text = "Arcade/Story"

[node name="Settings" type="Button" parent="Buttons"]
margin_left = 241.0
margin_top = 173.0
margin_right = 370.0
margin_bottom = 201.0
text = "GLOBAL SETTINGS"

[node name="Custom" type="Button" parent="Buttons"]
margin_left = 390.0
margin_top = 197.0
margin_right = 505.0
margin_bottom = 225.0
text = "Custom Content"

[node name="Upload" type="Button" parent="Buttons"]
margin_left = 391.0
margin_top = 235.0
margin_right = 504.0
margin_bottom = 263.0
text = "Upload Files"

[node name="Exit" type="Button" parent="Buttons"]
margin_left = 260.0
margin_top = 243.0
margin_right = 340.0
margin_bottom = 271.0
text = "Exit"

[connection signal="pressed" from="Buttons/Play" to="." method="_on_Play_pressed"]
[connection signal="pressed" from="Buttons/Custom" to="." method="_on_Custom_pressed"]
[connection signal="pressed" from="Buttons/Exit" to="." method="_on_Exit_pressed"]
